../../Bibtex/PhDMendeley.bib/library.bib